<record><leader>00000cas a22000007a 4500</leader><controlfield tag="001">12919515</controlfield><controlfield tag="008">851216d19701974wiuwr ne      0    0eng d</controlfield><datafield ind1=" " ind2=" " tag="010"><subfield code="a">sn 85041585 </subfield></datafield><datafield ind1=" " ind2=" " tag="040"><subfield code="a">NPV</subfield><subfield code="b">eng</subfield><subfield code="c">NPV</subfield><subfield code="d">OCLCQ</subfield></datafield><datafield ind1=" " ind2=" " tag="042"><subfield code="a">msc</subfield></datafield><datafield ind1=" " ind2=" " tag="045"><subfield code="a">x7x7</subfield></datafield><datafield ind1=" " ind2=" " tag="052"><subfield code="a">4123</subfield><subfield code="b">R2</subfield></datafield><datafield ind1="0" ind2=" " tag="130"><subfield code="a">Oak Creek, Caledonia pictorial (Oak Creek, Wis. : 1970)</subfield></datafield><datafield ind1="1" ind2="0" tag="245"><subfield code="a">Oak Creek, Caledonia pictorial.</subfield></datafield><datafield ind1="1" ind2="3" tag="246"><subfield code="a">Pictorial</subfield></datafield><datafield ind1="1" ind2="3" tag="246"><subfield code="a">Oak Creek pictorial</subfield></datafield><datafield ind1=" " ind2=" " tag="260"><subfield code="a">Oak Creek, Wis. :</subfield><subfield code="b">Community Newspapers, Inc.,</subfield><subfield code="c">1970-1974.</subfield></datafield><datafield ind1=" " ind2=" " tag="300"><subfield code="a">v. :</subfield><subfield code="b">ill.</subfield></datafield><datafield ind1=" " ind2=" " tag="310"><subfield code="a">Weekly</subfield></datafield><datafield ind1="0" ind2=" " tag="362"><subfield code="a">No. 767 (Nov. 26, 1970)-no. 824 (Dec. 30, 1971); 16th year, no. 1 (Jan. 6, 1972)-18th year, no. 37 (Sept. 12, 1974).</subfield></datafield><datafield ind1=" " ind2=" " tag="500"><subfield code="a">Added masthead: Oak Creek pictorial.</subfield></datafield><datafield ind1=" " ind2=" " tag="500"><subfield code="a">Editor: M.L. Stover, Nov. 26, 1970-May 27, 1971, June 15, 1972-July 11, 1974.</subfield></datafield><datafield ind1=" " ind2=" " tag="530"><subfield code="a">Available on microfilm from The State Historical Society of Wisconsin.</subfield></datafield><datafield ind1=" " ind2=" " tag="752"><subfield code="a">United States</subfield><subfield code="b">Wisconsin</subfield><subfield code="c">Racine</subfield><subfield code="d">Oak Creek.</subfield></datafield><datafield ind1=" " ind2=" " tag="752"><subfield code="a">United States</subfield><subfield code="b">Wisconsin</subfield><subfield code="c">Racine</subfield><subfield code="d">Caledonia.</subfield></datafield><datafield ind1="0" ind2="0" tag="780"><subfield code="t">Oak Creek pictorial (Oak Creek, Wis. : 1956)</subfield><subfield code="w">(DLC)sn 85041584</subfield></datafield><datafield ind1="0" ind2="0" tag="785"><subfield code="t">Oak Creek pictorial (Oak Creek, Wis. : 1974)</subfield><subfield code="w">(DLC)sn 85041586</subfield></datafield><datafield ind1="1" ind2=" " tag="029"><subfield code="a">AU@</subfield><subfield code="b">000025816528</subfield></datafield></record>